tradeId,instrumentName,marketTradeTime,buySell,quantity,price
98,XCMEFFDPSX20250919U0ZN,2025-07-29 17:30:15.107000,B,1.0,111.390625
99,XCMEFFDPSX20250919U0ZN,2025-07-29 17:38:13.893000,B,1.0,111.375
100,XCMEFFDPSX20250919U0ZN,2025-07-30 04:34:02.517000,B,1.0,111.3125
101,XCMEFFDPSX20250919U0ZN,2025-07-30 06:15:16.986000,B,1.0,111.421875
102,XCMEFFDPSX20250919U0ZN,2025-07-30 06:46:18.159000,B,1.0,111.359375
103,XCMEFFDPSX20250919U0ZN,2025-07-30 07:15:22.822000,B,1.0,111.265625
104,XCMEFFDPSX20250919U0ZN,2025-07-30 07:18:02.062000,B,1.0,111.25
105,XCMEFFDPSX20250919U0ZN,2025-07-30 07:22:23.718000,S,1.0,111.28125
106,XCMEFFDPSX20250919U0ZN,2025-07-30 07:23:32.013000,S,1.0,111.296875
107,XCMEFFDPSX20250919U0ZN,2025-07-30 07:30:37.141000,S,1.0,111.1875
108,XCMEFFDPSX20250919U0ZN,2025-07-30 07:35:11.165000,B,1.0,111.140625
109,XCMEFFDPSX20250919U0ZN,2025-07-30 07:42:47.036000,B,1.0,111.109375
110,XCMEFFDPSX20250919U0ZN,2025-07-30 07:46:12.660000,S,1.0,111.140625
111,XCMEFFDPSX20250919U0ZN,2025-07-30 08:03:29.991000,B,1.0,111.125
112,XCMEFFDPSX20250919U0ZN,2025-07-30 08:03:31.473000,B,1.0,111.109375
113,XCMEFFDPSX20250919U0ZN,2025-07-30 08:18:55.097000,B,1.0,111.0625
114,XCMEFFDPSX20250919U0ZN,2025-07-30 08:39:19.204000,B,1.0,111.03125
115,XCMEFFDPSX20250919U0ZN,2025-07-30 08:47:10.416000,S,1.0,111.078125
116,XCMEFFDPSX20250919U0ZN,2025-07-30 08:48:05.367000,S,1.0,111.09375
117,XCMEFFDPSX20250919U0ZN,2025-07-30 08:52:22.838000,B,1.0,111.03125
118,XCMEFFDPSX20250919U0ZN,2025-07-30 09:02:49.862000,S,1.0,111.0625
119,XCMEFFDPSX20250919U0ZN,2025-07-30 09:06:34.828000,S,1.0,111.078125
120,XCMEFFDPSX20250919U0ZN,2025-07-30 09:29:53.195000,S,1.0,111.109375
121,XCMEFFDPSX20250919U0ZN,2025-07-30 13:00:09.590000,B,1.0,111.234375
122,XCMEFFDPSX20250919U0ZN,2025-07-30 13:00:16.813000,S,1.0,111.28125
123,XCMEFFDPSX20250919U0ZN,2025-07-30 13:00:45.836000,S,1.0,111.28125
124,XCMEFFDPSX20250919U0ZN,2025-07-30 13:00:50.110000,B,1.0,111.234375
125,XCMEFFDPSX20250919U0ZN,2025-07-30 13:03:00.297000,B,1.0,111.234375
126,XCMEFFDPSX20250919U0ZN,2025-07-30 13:03:19.893000,S,1.0,111.25
127,XCMEFFDPSX20250919U0ZN,2025-07-30 13:10:13.010000,S,1.0,111.296875
128,XCMEFFDPSX20250919U0ZN,2025-07-30 13:11:32.043000,B,1.0,111.28125
129,XCMEFFDPSX20250919U0ZN,2025-07-30 13:13:44.628000,B,1.0,111.25
130,XCMEFFDPSX20250919U0ZN,2025-07-30 13:28:12.171000,S,1.0,111.265625
131,XCMEFFDPSX20250919U0ZN,2025-07-30 13:34:30.374000,S,1.0,111.3125
132,XCMEFFDPSX20250919U0ZN,2025-07-30 13:34:36.074000,B,1.0,111.296875
133,XCMEFFDPSX20250919U0ZN,2025-07-30 13:36:42.587000,B,1.0,111.296875
134,XCMEFFDPSX20250919U0ZN,2025-07-30 13:36:53.089000,B,1.0,111.21875
135,XCMEFFDPSX20250919U0ZN,2025-07-30 13:37:26.732000,S,1.0,111.234375
136,XCMEFFDPSX20250919U0ZN,2025-07-30 13:37:28.186000,S,1.0,111.25
137,XCMEFFDPSX20250919U0ZN,2025-07-30 13:37:37.586000,B,1.0,111.234375
138,XCMEFFDPSX20250919U0ZN,2025-07-30 13:37:52.482000,B,1.0,111.203125
139,XCMEFFDPSX20250919U0ZN,2025-07-30 13:37:55.655000,B,1.0,111.1875
140,XCMEFFDPSX20250919U0ZN,2025-07-30 13:40:26.907000,B,1.0,111.140625
141,XCMEFFDPSX20250919U0ZN,2025-07-30 13:43:32.040000,B,1.0,111.109375
142,XCMEFFDPSX20250919U0ZN,2025-07-30 13:45:48.054000,S,1.0,111.15625
143,XCMEFFDPSX20250919U0ZN,2025-07-30 13:45:56.317000,S,1.0,111.171875
144,XCMEFFDPSX20250919U0ZN,2025-07-30 13:49:59.494000,B,1.0,111.046875
145,XCMEFFDPSX20250919U0ZN,2025-07-30 13:50:15.028000,B,1.0,111.03125
146,XCMEFFDPSX20250919U0ZN,2025-07-30 13:50:48.902000,B,1.0,111.015625
147,XCMEFFDPSX20250919U0ZN,2025-07-30 13:53:01.330000,B,1.0,111.0
148,XCMEFFDPSX20250919U0ZN,2025-07-30 13:58:09.822000,B,1.0,110.984375
149,XCMEFFDPSX20250919U0ZN,2025-07-30 13:58:09.823000,B,1.0,110.984375
150,XCMEFFDPSX20250919U0ZN,2025-07-30 13:58:16.938000,B,1.0,110.984375
151,XCMEFFDPSX20250919U0ZN,2025-07-30 14:03:05.079000,B,1.0,110.96875
152,XCMEFFDPSX20250919U0ZN,2025-07-30 14:09:25.390000,S,1.0,111.015625
153,XCMEFFDPSX20250919U0ZN,2025-07-30 14:11:22.884000,S,1.0,111.015625
154,XCMEFFDPSX20250919U0ZN,2025-07-30 14:12:07.695000,S,1.0,111.03125
155,XCMEFFDPSX20250919U0ZN,2025-07-30 14:15:00.531000,S,1.0,111.03125
156,XCMEFFDPSX20250919U0ZN,2025-07-30 14:16:46.445000,S,1.0,111.046875
157,XCMEFFDPSX20250919U0ZN,2025-07-30 14:26:20.419000,S,1.0,111.03125
158,XCMEFFDPSX20250919U0ZN,2025-07-30 14:40:44.659000,S,1.0,111.046875
159,XCMEFFDPSX20250919U0ZN,2025-07-30 14:47:15.224000,S,1.0,111.046875
160,XCMEFFDPSX20250919U0ZN,2025-07-30 14:56:56.143000,S,1.0,111.046875
161,XCMEFFDPSX20250919U0ZN,2025-07-30 15:00:00.008000,S,1.0,111.046875
162,XCMEFFDPSX20250919U0ZN,2025-07-30 15:07:33.976000,S,1.0,111.046875
163,XCMEFFDPSX20250919U0ZN,2025-07-30 15:12:33.100000,S,1.0,111.0625
164,XCMEFFDPSX20250919U0ZN,2025-07-30 15:12:33.100000,S,1.0,111.0625
165,XCMEFFDPSX20250919U0ZN,2025-07-30 15:41:46.091000,B,1.0,111.0
166,XCMEFFDPSX20250919U0ZN,2025-07-30 15:47:08.036000,B,1.0,111.0
